<record><leader>00000cas a22000007a 4500</leader><controlfield tag="001">56421732</controlfield><controlfield tag="008">040904d19902000inuwn ne      0    0eng d</controlfield><datafield ind1=" " ind2=" " tag="010"><subfield code="a">sn2004062606</subfield></datafield><datafield ind1=" " ind2=" " tag="040"><subfield code="a">NPI</subfield><subfield code="b">eng</subfield><subfield code="c">NPI</subfield><subfield code="d">OCLCF</subfield><subfield code="d">OCLCO</subfield></datafield><datafield ind1="1" ind2=" " tag="029"><subfield code="a">AU@</subfield><subfield code="b">000026191756</subfield></datafield><datafield ind1=" " ind2=" " tag="042"><subfield code="a">msc</subfield></datafield><datafield ind1=" " ind2=" " tag="043"><subfield code="a">n-us-in</subfield></datafield><datafield ind1="0" ind2="0" tag="245"><subfield code="a">Today-- in Batesville &amp; Oldenburg.</subfield></datafield><datafield ind1="3" ind2=" " tag="246"><subfield code="a">Today in Batesville and Oldenburg</subfield></datafield><datafield ind1=" " ind2=" " tag="260"><subfield code="a">Batesville, Ind. :</subfield><subfield code="b">Harold J. Gardner, 1990-2000.</subfield></datafield><datafield ind1=" " ind2=" " tag="300"><subfield code="a">11 v. :</subfield><subfield code="b">ill.</subfield></datafield><datafield ind1=" " ind2=" " tag="310"><subfield code="a">Weekly (except holidays),</subfield><subfield code="b">Apr. 3, 1997-June 1, 2000</subfield></datafield><datafield ind1=" " ind2=" " tag="321"><subfield code="a">Three times a week (except holidays),</subfield><subfield code="b">June 4, 1990-June 8, 1990</subfield></datafield><datafield ind1=" " ind2=" " tag="321"><subfield code="a">Twice a week (except holidays),</subfield><subfield code="b">June 11, 1990-Mar. 27, 1997</subfield></datafield><datafield ind1="0" ind2=" " tag="362"><subfield code="a">Vol. 1, no. 1 (June 4, 1990)-[v. 11, no. 22] (June 1, 2000).</subfield></datafield><datafield ind1=" " ind2="0" tag="651"><subfield code="a">Batesville (Ind.)</subfield><subfield code="v">Newspapers.</subfield></datafield><datafield ind1=" " ind2="0" tag="651"><subfield code="a">Oldenburg (Ind.)</subfield><subfield code="v">Newspapers.</subfield></datafield><datafield ind1=" " ind2="7" tag="655"><subfield code="a">Newspapers.</subfield><subfield code="2">fast</subfield><subfield code="0">(OCoLC)fst01423814</subfield></datafield><datafield ind1=" " ind2="7" tag="651"><subfield code="a">Indiana</subfield><subfield code="z">Batesville.</subfield><subfield code="2">fast</subfield><subfield code="0">(OCoLC)fst01248248</subfield></datafield><datafield ind1=" " ind2="7" tag="651"><subfield code="a">Indiana</subfield><subfield code="z">Oldenburg.</subfield><subfield code="2">fast</subfield><subfield code="0">(OCoLC)fst01249138</subfield></datafield><datafield ind1=" " ind2=" " tag="752"><subfield code="a">United States</subfield><subfield code="b">Indiana</subfield><subfield code="c">Franklin</subfield><subfield code="d">Batesville.</subfield></datafield><datafield ind1=" " ind2=" " tag="752"><subfield code="a">United States</subfield><subfield code="b">Indiana</subfield><subfield code="c">Ripley</subfield><subfield code="d">Batesville.</subfield></datafield></record>